<record><leader>00000cas a2200000   4500</leader><controlfield tag="001">6562068</controlfield><controlfield tag="007">hd afb---baca</controlfield><controlfield tag="007">hd bfb---baaa</controlfield><controlfield tag="007">hd bfb---baba</controlfield><controlfield tag="008">800729c19549999dcuwr nea     0   a0engr </controlfield><datafield ind1=" " ind2=" " tag="010"><subfield code="a">sn2003058060</subfield><subfield code="z">   80645889 </subfield></datafield><datafield ind1=" " ind2=" " tag="040"><subfield code="a">DLC</subfield><subfield code="b">eng</subfield><subfield code="c">DLC</subfield><subfield code="d">DLC</subfield><subfield code="d">OCLCQ</subfield><subfield code="d">DLC</subfield><subfield code="d">OCLCO</subfield><subfield code="d">OCLCF</subfield><subfield code="d">OCLCO</subfield><subfield code="d">OCLCQ</subfield></datafield><datafield ind1=" " ind2=" " tag="019"><subfield code="a">6561951</subfield></datafield><datafield ind1=" " ind2=" " tag="042"><subfield code="a">pcc</subfield></datafield><datafield ind1=" " ind2=" " tag="043"><subfield code="a">aw-----</subfield><subfield code="a">f------</subfield></datafield><datafield ind1="0" ind2="0" tag="050"><subfield code="a">Newspaper</subfield><subfield code="3">2001-</subfield></datafield><datafield ind1="0" ind2="0" tag="050"><subfield code="a">Microfilm 03145 HC</subfield><subfield code="3">1958-1987</subfield></datafield><datafield ind1="0" ind2=" " tag="130"><subfield code="a">Middle East observer (Cairo, Egypt : 1954)</subfield></datafield><datafield ind1="1" ind2="4" tag="245"><subfield code="a">The Middle East observer =</subfield><subfield code="b">Jari&#772;dat thi&#772; Mi&#772;dil I&#772;st u&#772;bzirvar.</subfield></datafield><datafield ind1="3" ind2="1" tag="246"><subfield code="a">Jari&#772;dat thi&#772; Mi&#772;dil I&#772;st u&#772;bzirvar</subfield></datafield><datafield ind1=" " ind2=" " tag="260"><subfield code="a">Cairo</subfield><subfield code="b">[publisher not identified]</subfield></datafield><datafield ind1=" " ind2=" " tag="300"><subfield code="a">volumes</subfield></datafield><datafield ind1=" " ind2=" " tag="310"><subfield code="a">Weekly,</subfield><subfield code="b">&lt;Jan. 4, 1960-Jan. 3, 2001&gt;</subfield></datafield><datafield ind1=" " ind2=" " tag="321"><subfield code="a">Bimonthly,</subfield><subfield code="b">&lt;Jan./Feb.-Oct./Nov. 1958&gt;</subfield></datafield><datafield ind1=" " ind2=" " tag="321"><subfield code="a">Monthly,</subfield><subfield code="b">&lt;Jan. 1959&gt;</subfield></datafield><datafield ind1=" " ind2=" " tag="336"><subfield code="a">text</subfield><subfield code="b">txt</subfield><subfield code="2">rdacontent</subfield></datafield><datafield ind1=" " ind2=" " tag="337"><subfield code="a">microform</subfield><subfield code="b">h</subfield><subfield code="2">rdamedia</subfield></datafield><datafield ind1=" " ind2=" " tag="500"><subfield code="a">"The leading economic newspaper covering the Middle East &amp; African areas."</subfield></datafield><datafield ind1=" " ind2=" " tag="546"><subfield code="a">In English and Arabic &lt;Jan./Feb.-Oct./Nov. 1958&gt;; in English &lt;Jan. 1959-&gt;</subfield></datafield><datafield ind1=" " ind2=" " tag="533"><subfield code="a">Microfilm.</subfield><subfield code="b">Washington, D.C. :</subfield><subfield code="c">Library of Congress Preservation Microfilming Program :</subfield><subfield code="c">Available from Library of Congress Photoduplication Service.</subfield></datafield><datafield ind1=" " ind2="0" tag="651"><subfield code="a">Cairo (Egypt)</subfield><subfield code="v">Newspapers.</subfield></datafield><datafield ind1=" " ind2="7" tag="651"><subfield code="a">Egypt</subfield><subfield code="z">Cairo.</subfield><subfield code="2">fast</subfield><subfield code="0">(OCoLC)fst01205204</subfield></datafield><datafield ind1=" " ind2="7" tag="655"><subfield code="a">Newspapers.</subfield><subfield code="2">fast</subfield><subfield code="0">(OCoLC)fst01423814</subfield></datafield><datafield ind1=" " ind2=" " tag="752"><subfield code="a">Egypt</subfield><subfield code="d">Cairo.</subfield></datafield><datafield ind1="0" ind2="0" tag="780"><subfield code="t">Middle East observer</subfield></datafield><datafield ind1=" " ind2=" " tag="850"><subfield code="a">DLC</subfield></datafield><datafield ind1="1" ind2=" " tag="029"><subfield code="a">AU@</subfield><subfield code="b">000025579160</subfield></datafield></record>